<?xml version="1.0" encoding="UTF-8"?><collection xmlns="http://www.loc.gov/MARC21/slim"><record><leader>00453nam--2200133-i-4500</leader><controlfield tag="001">000039641</controlfield><controlfield tag="002">20161230</controlfield><controlfield tag="005">20161230201042</controlfield><controlfield tag="008">060222s1000------------r-----000-0-eng-d</controlfield><datafield ind1=" " ind2=" " tag="100"><subfield code="a">Rossi, A., Zimmer, E</subfield></datafield><datafield ind1=" " ind2=" " tag="245"><subfield code="a">Organization of the research programme and work in an industry owned nuclear research centre</subfield></datafield><datafield ind1=" " ind2=" " tag="260"><subfield code="a">Saluggia, Soc.Ricerche Impianti Nucl., 1961, 11p</subfield></datafield><datafield ind1=" " ind2=" " tag="490"><subfield code="a">Conf.On Utilisation Of Research Reactors, Vienna, 1961</subfield></datafield><datafield ind1=" " ind2=" " tag="852"><subfield code="a">16889</subfield></datafield></record></collection>